@article{Barone2017,
  doi = {10.1371/journal.pcbi.1005755},
  url = {https://doi.org/10.1371/journal.pcbi.1005755},
  year = {2017},
  month = oct,
  publisher = {Public Library of Science ({PLoS})},
  volume = {13},
  number = {10},
  pages = {e1005755},
  author = {Lindsay Barone and Jason Williams and David Micklos},
  editor = {Francis Ouellette},
  title = {Unmet needs for analyzing biological big data: A survey of 704 {NSF} principal investigators},
  journal = {{PLOS} Computational Biology}
}

@article{Hagan2020,
  doi = {10.1371/journal.pcbi.1008119},
  url = {https://doi.org/10.1371/journal.pcbi.1008119},
  year = {2020},
  month = aug,
  publisher = {Public Library of Science ({PLoS})},
  volume = {16},
  number = {8},
  pages = {e1008119},
  author = {Ada K. Hagan and Nicholas A. Lesniak and Marcy J. Balunas and Lucas Bishop and William L. Close and Matthew D. Doherty and Amanda G. Elmore and Kaitlin J. Flynn and Geoffrey D. Hannigan and Charlie C. Koumpouras and Matthew L. Jenior and Ariangela J. Kozik and Kathryn McBride and Samara B. Rifkin and Joshua M. A. Stough and Kelly L. Sovacool and Marc A. Sze and Sarah Tomkovich and Begum D. Topcuoglu and Patrick D. Schloss},
  editor = {Russell Schwartz},
  title = {Ten simple rules to increase computational skills among biologists with Code Clubs},
  journal = {{PLOS} Computational Biology}
}

@article{Leek2015,
  doi = {10.1073/pnas.1421412111},
  url = {https://doi.org/10.1073/pnas.1421412111},
  year  = {2015},
  month = {feb},
  publisher = {Proceedings of the National Academy of Sciences},
  volume = {112},
  number = {6},
  pages = {1645--1646},
  author = {Jeffrey T. Leek and Roger D. Peng},
  title = {Reproducible research can still be wrong: Adopting a prevention approach},
  journal = {Proceedings of the National Academy of Sciences}
}

@article{Schloss2018a,
  doi = {10.21105/jose.00013},
  url = {https://doi.org/10.21105/jose.00013},
  year = {2018},
  month = aug,
  publisher = {The Open Journal},
  volume = {1},
  number = {3},
  pages = {13},
  author = {Patrick D Schloss},
  title = {The {R}iffomonas reproducible research tutorial series},
  journal = {Journal of Open Source Education}
}

@article{Schloss2018b,
  doi = {10.1128/mbio.00525-18},
  url = {https://doi.org/10.1128/mbio.00525-18},
  year = {2018},
  month = jul,
  publisher = {American Society for Microbiology},
  volume = {9},
  number = {3},
  author = {Patrick D. Schloss},
  editor = {Jacques Ravel},
  title = {Identifying and Overcoming Threats to Reproducibility,  Replicability,  Robustness,  and Generalizability in Microbiome Research},
  journal = {{mBio}}
}

@article{Schloss2021,
  doi = {10.1128/msphere.00191-21},
  url = {https://doi.org/10.1128/msphere.00191-21},
  year = {2021},
  month = aug,
  publisher = {American Society for Microbiology},
  volume = {6},
  number = {4},
  author = {Patrick D. Schloss},
  editor = {Katherine McMahon},
  title = {Amplicon Sequence Variants Artificially Split Bacterial Genomes into Separate Clusters},
  journal = {{mSphere}}
}

@article{Williams2019,
  doi = {10.1371/journal.pone.0224288},
  url = {https://doi.org/10.1371/journal.pone.0224288},
  year = {2019},
  month = nov,
  publisher = {Public Library of Science ({PLoS})},
  volume = {14},
  number = {11},
  pages = {e0224288},
  author = {Jason J. Williams and Jennifer C. Drew and Sebastian Galindo-Gonzalez and Srebrenka Robic and Elizabeth Dinsdale and William R. Morgan and Eric W. Triplett and James M. Burnette and Samuel S. Donovan and Edison R. Fowlks and Anya L. Goodman and Nealy F. Grandgenett and Carlos C. Goller and Charles Hauser and John R. Jungck and Jeffrey D. Newman and William R. Pearson and Elizabeth F. Ryder and Michael Sierk and Todd M. Smith and Rafael Tosado-Acevedo and William Tapprich and Tammy C. Tobin and Arl{\'i}n Toro-Mart{\'i}nez and Lonnie R. Welch and Melissa A. Wilson and David Ebenbach and Mindy McWilliams and Anne G. Rosenwald and Mark A. Pauley},
  editor = {Cesario Bianchi},
  title = {Barriers to integration of bioinformatics into undergraduate life sciences education: A national study of {US} life sciences faculty uncover significant barriers to integrating bioinformatics into undergraduate instruction},
  journal = {{PLOS} {ONE}}
}


@article{Wilson2016,
  doi = {10.12688/f1000research.3-62.v2},
  url = {https://doi.org/10.12688/f1000research.3-62.v2},
  year  = {2016},
  month = {jan},
  publisher = {F1000 Research,  Ltd.},
  author = {Greg Wilson},
  title = {Software Carpentry: lessons learned},
  journal = {F1000Research}
}

